@article{DBLP:journals/corr/Rosenfeld14,
  author    = {Meni Rosenfeld},
  title     = {Analysis of Hashrate-Based Double Spending},
  journal   = {CoRR},
  volume    = {abs/1402.2009},
  year      = {2014},
  url       = {http://arxiv.org/abs/1402.2009},
  archivePrefix = {arXiv},
  eprint    = {1402.2009},
  timestamp = {Wed, 07 Jun 2017 14:40:32 +0200},
  biburl    = {https://dblp.org/rec/bib/journals/corr/Rosenfeld14},
  bibsource = {dblp computer science bibliography, https://dblp.org}
}

