@article{DBLP:journals/corr/abs-1006-3018,
  author    = {Giovanna Carofiglio and
               Luca Muscariello and
               Dario Rossi and
               Silvio Valenti},
  title     = {The quest for {LEDBAT} fairness},
  journal   = {CoRR},
  volume    = {abs/1006.3018},
  year      = {2010},
  url       = {http://arxiv.org/abs/1006.3018},
  archivePrefix = {arXiv},
  eprint    = {1006.3018},
  timestamp = {Wed, 07 Jun 2017 14:40:27 +0200},
  biburl    = {https://dblp.org/rec/bib/journals/corr/abs-1006-3018},
  bibsource = {dblp computer science bibliography, https://dblp.org}
}

