@inproceedings{Piatek:2007:IBR:1973430.1973431,
 author = {Piatek, Michael and Isdal, Tomas and Anderson, Thomas and Krishnamurthy, Arvind and Venkataramani, Arun},
 title = {Do Incentives Build Robustness in Bit Torrent},
 booktitle = {Proceedings of the 4th USENIX Conference on Networked Systems Design \&\#38; Implementation},
 series = {NSDI'07},
 year = {2007},
 location = {Cambridge, MA},
 pages = {1--1},
 numpages = {1},
 url = {http://dl.acm.org/citation.cfm?id=1973430.1973431},
 acmid = {1973431},
 publisher = {USENIX Association},
 address = {Berkeley, CA, USA},
}